@online{site:221e,
    title   = {221e S.r.l.},
    url     = {https://www.221e.com/}
}

@online{site:aws,
    title   = {Amazon Web Services},
    url     = {https://aws.amazon.com/}
}

@online{site:aws-shared-responsibility-model,
    title   = {AWS Shared Responsibility Model},
    url     = {https://aws.amazon.com/compliance/shared-responsibility-model/}
}

@online{site:azure-shared-responsibility-model,
    title   = {Azure Shared Responsibility Model},
    url     = {https://learn.microsoft.com/en-us/azure/security/fundamentals/shared-responsibility}
}

@online{site:aruba-shared-responsibility-model,
    title   = {Aruba Shared Responsibility Model},
    url     = {https://kb.arubacloud.com/en/computing/use-and-technology/shared-responsibility-model.aspx}
}

@online{site:azure,
    title   = {Microsoft Azure},
    url     = {https://azure.microsoft.com/}
}

@online{site:aruba-cloud,
    title   = {Aruba Cloud},
    url     = {https://www.arubacloud.com/}
}

@online{site:aruba-docs,
    title   = {Aruba Documentation},
    url     = {https://kb.arubacloud.com/en/home.aspx}
}

@online{site:aws-docs,
    title   = {AWS Documentation},
    url     = {https://docs.aws.amazon.com/}
}

@online{site:azure-docs,
    title   = {Azure Documentation},
    url     = {https://docs.microsoft.com/en-us/azure/}
}

@online{site:trust-radius,
    title   = {Trust Radius},
    url     = {https://trustradius.com/}
}

@online{site:apache-parquet,
    title   = {Apache Parquet},
    url     = {https://parquet.apache.org/}
}

@online{site:apache-kafka,
    title   = {Apache Kafka},
    url     = {https://kafka.apache.org/}
}

@online{site:apache-flink,
    title   = {Apache Flink},
    url     = {https://flink.apache.org/}
}

@online{site:alleantia,
    title   = {Alleantia},
    url     = {https://www.alleantia.com/}
}

@online{site:kura,
    title   = {Eclipse Kura},
    url     = {https://eclipse.dev/kura/}
}

@online{site:eurotech,
    title   = {Eurotech},
    url     = {https://www.eurotech.com/}
}

@online{site:st-micro,
    title   = {STMicroelectronics},
    url     = {https://www.st.com/content/st_com/en.html}
}

@online{site:tflite,
    title   = {TensorFlow Lite},
    url     = {https://www.tensorflow.org/lite}
}

@online{site:tensorflow,
    title   = {TensorFlow},
    url     = {https://www.tensorflow.org/}
}

@online{site:tinyengine,
    title   = {TinyEngine},
    url     = {https://github.com/mit-han-lab/tinyengine}
}

@online{site:mqttx,
    title   = {MQTTX},
    url     = {https://mqttx.app/}
}

@online{site:emqx,
    title   = {EMQX},
    url     = {https://www.emqx.io/}
}

@online{site:paho-mqtt,
    title   = {Paho MQTT},
    url     = {https://pypi.org/project/paho-mqtt/}
}

@online{site:crontab-guru,
    title   = {Crontab guru},
    url     = {https://crontab.guru/}
}

@online{site:kubernetes,
    title   = {Kubernetes},
    url     = {https://kubernetes.io/}
}

@online{site:rag,
    title   = {Retrieval Augmented Generation (RAG)},
    url     = {https://aws.amazon.com/it/what-is/retrieval-augmented-generation/}
}

@online{site:hadoop,
    title   = {Apache Hadoop},
    url     = {https://hadoop.apache.org/}
}

@online{site:spark,
    title   = {Apache Spark},
    url     = {https://spark.apache.org/}
}

@online{site:flink,
    title   = {Apache Flink},
    url     = {https://flink.apache.org/}
}

@online{site:aws-glue-catalog,
    title   = {AWS Glue data catalog}, 
    url     = {https://docs.aws.amazon.com/glue/latest/dg/catalog-and-crawler.html}
}

@online{site:pytorch,
    title   = {PyTorch},
    url     = {https://pytorch.org/}
}

@online{site:sk-learn,
    title   = {Scikit-learn},
    url     = {https://scikit-learn.org/stable/}
}

@online{site:matplot,
    title   = {Matplotlib},
    url     = {https://matplotlib.org/}
}

@online{site:plotly,
    title   = {Plotly},
    url     = {https://plotly.com/}
}

@online{site:grafana,
    title   = {Grafana},
    url     = {https://grafana.com/}
}

@online{site:springboot,
    title   = {Spring Boot},
    url     = {https://spring.io/projects/spring-boot}
}

@online{site:fastapi,
    title   = {FastAPI},
    url     = {https://fastapi.tiangolo.com/}
}

@online{site:openstack,
    title   = {OpenStack},
    url     = {https://www.openstack.org/}
}

@online{site:vmware,
    title   = {VMWare},
    url     = {https://www.vmware.com/}
}

@online{site:mqtt,
    title   = {MQTT},
    url     = {https://mqtt.org/}
}

@online{site:tls,
    title   = {TLS},
    url     = {https://datatracker.ietf.org/doc/html/draft-ietf-tls-tls13-28}
}

@online{site:ssl,
    title   = {SSL},
    url     = {https://datatracker.ietf.org/doc/html/rfc6101}
}

@online{site:http,
    title   ={HTTP},
    url     ={https://it.wikipedia.org/wiki/Hypertext_Transfer_Protocol}
}

@online{site:websocket,
    title   ={WebSocket},
    url     ={https://www.pubnub.com/guides/websockets/}
}

@online{site:osgi,
    title   ={OSGi},
    url     ={https://www.ibm.com/docs/it/was/9.0.5?topic=applications-osgi-framework}
}

@online{site:json-docs,
  author       = {Douglas Crockford},
  title        = {JSON (JavaScript Object Notation)},
  year         = {2024},
  url = {https://www.json.org/json-en.html}
}

@online{site:gdpr,
  title = {General Data Protection Regulation (GDPR)},
  url = {https://gdpr.eu/},
  note = {Accessed: 2024-09-12}
}

@online{site:hipaa,
  title = {Health Insurance Portability and Accountability Act (HIPAA)},
  url = {https://www.hhs.gov/hipaa/},
  note = {Accessed: 2024-09-12}
}

@online{site:soc2,
  title = {Service Organization Control 2 (SOC2)},
  url = {https://www.aicpa.org/interestareas/frc/assuranceadvisoryservices/sorhome.html},
  note = {Accessed: 2024-09-12}
}


@online{site:csv-docs,
  author       = {DataScientest},
  title        = {CSV (Comma-Separated Values): Everything You Need to Know About This File Format},
  URL = {https://datascientest.com/en/csv-comma-separated-values-everything-you-need-to-know-about-this-file-format}}
}


@article{9260194,
  author={Ye, Yunfan and Li, Shen and Liu, Fang and Tang, Yonghao and Hu, Wanting},
  journal={IEEE Access}, 
  title={EdgeFed: Optimized Federated Learning Based on Edge Computing}, 
  year={2020},
  volume={8},
  number={},
  pages={209191-209198},
  keywords={Servers;Mobile handsets;Training;Computational modeling;Edge computing;Performance evaluation;Collaborative work;Federated learning;deep learning;federated averaging;edge computing;edge federated learning},
  doi={10.1109/ACCESS.2020.3038287}}


@article{FICCO2024102189,
	author = {M. Ficco and A. Guerriero and E. Milite and F. Palmieri and R. Pietrantuono and S. Russo},
	doi = {https://doi.org/10.1016/j.inffus.2023.102189},
	issn = {1566-2535},
	journal = {Information Fusion},
	keywords = {Internet of things, Federated learning, Transfer learning, TinyML},
	pages = {102189},
	title = {Federated learning for IoT devices: Enhancing TinyML with on-board training},
	url = {https://www.sciencedirect.com/science/article/pii/S1566253523005055},
	volume = {104},
	year = {2024},
	bdsk-url-1 = {https://www.sciencedirect.com/science/article/pii/S1566253523005055},
	bdsk-url-2 = {https://doi.org/10.1016/j.inffus.2023.102189}}

@article{
  lin2022ondevice, 
  title = {On-Device Training Under 256KB Memory},
  author = {Lin, Ji and Zhu, Ligeng and Chen, Wei-Ming and Wang, Wei-Chen and Gan, Chuang and Han, Song}, 
  journal = {arXiv:2206.15472 [cs]},
  url = {https://arxiv.org/abs/2206.15472},
  year = {2022}
}

@article{lin2020mcunet,
  title={Mcunet: Tiny deep learning on IoT devices},
  author={Lin, Ji and Chen, Wei-Ming and Lin, Yujun and Gan, Chuang and Han, Song},
  journal={Advances in Neural Information Processing Systems},
  url = {https://arxiv.org/abs/2007.10319},
  volume={33},
  year={2020}
}

