@book{womak:lean-thinking,
    author  = {James P. Womack, Daniel T. Jones},
    title   = {Lean Thinking, Second Editon},
    publisher = {Simon \& Schuster, Inc.},
    year    = {2010}
}

@online{site:221e,
    title   = {221e S.r..},
    url     = {https://www.221e.com/}
}

@online{site:aws-docs,
    title   = {AWS Documentation},
    url     = {https://docs.aws.amazon.com/}
}

@online{site:azure-docs,
    title   = {Azure Documentation},
    url     = {https://docs.microsoft.com/en-us/azure/}
}

@online{site:trust-radius,
    title   = {Trust Radius},
    url     = {https://trustradius.com/}
}
